@article{1992_Williams,
  title={Simple statistical gradient-following algorithms for connectionist reinforcement learning},
  author={Williams, Ronald J},
  journal={Machine learning},
  volume={8},
  number={3-4},
  pages={229--256},
  year={1992},
  publisher={Springer}
}

@inproceedings{1995_Boyan,
  title={Generalization in reinforcement learning: Safely approximating the value function},
  author={Boyan, Justin A and Moore, Andrew W},
  booktitle={Advances in neural information processing systems},
  pages={369--376},
  year={1995}
}

@article{1997_LSTM,
  title={Long short-term memory},
  author={Hochreiter, Sepp and Schmidhuber, J{\"u}rgen},
  journal={Neural computation},
  volume={9},
  number={8},
  pages={1735--1780},
  year={1997},
  publisher={MIT Press}
}

@book{1998_Sutton,
  title={Reinforcement learning: An introduction},
  author={Sutton, Richard S and Barto, Andrew G and others},
  year={1998},
  publisher={MIT press}
}

@inproceedings{2000_Sutton,
  title={Policy gradient methods for reinforcement learning with function approximation},
  author={Sutton, Richard S and McAllester, David A and Singh, Satinder P and Mansour, Yishay},
  booktitle={Advances in neural information processing systems},
  pages={1057--1063},
  year={2000}
}

@article{2002_Tesauro,
  title={Pricing in agent economies using multi-agent Q-learning},
  author={Tesauro, Gerald and Kephart, Jeffrey O},
  journal={Autonomous Agents and Multi-Agent Systems},
  volume={5},
  number={3},
  pages={289--304},
  year={2002},
  publisher={Springer}
}

@misc{2006_concorde,
  title={Concorde TSP solver},
  author={Applegate, David and Bixby, Ribert and Chvatal, Vasek and Cook, William},
  year={2006}
}

@inproceedings{2014_sut,
  title={Sequence to sequence learning with neural networks},
  author={Sutskever, Ilya and Vinyals, Oriol and Le, Quoc V},
  booktitle={Advances in neural information processing systems},
  pages={3104--3112},
  year={2014}
}

@article{2014_bah,
  title={Neural machine translation by jointly learning to align and translate},
  author={Bahdanau, Dzmitry and Cho, Kyunghyun and Bengio, Yoshua},
  journal={arXiv preprint arXiv:1409.0473},
  year={2014}
}

@inproceedings{2014_Sutskever,
  title={Sequence to sequence learning with neural networks},
  author={Sutskever, Ilya and Vinyals, Oriol and Le, Quoc V},
  booktitle={Advances in neural information processing systems},
  pages={3104--3112},
  year={2014}
}

@article{2015_luong,
  title={Effective approaches to attention-based neural machine translation},
  author={Luong, Minh-Thang and Pham, Hieu and Manning, Christopher D},
  journal={arXiv preprint arXiv:1508.04025},
  year={2015}
}

@inproceedings{2015_Vinyals,
  title={Pointer networks},
  author={Vinyals, Oriol and Fortunato, Meire and Jaitly, Navdeep},
  booktitle={Advances in Neural Information Processing Systems},
  pages={2692--2700},
  year={2015}
}

@article{2016_ga3c,
  title={GA3C: GPU-based A3C for deep reinforcement learning},
  author={Babaeizadeh, Mohammad and Frosio, Iuri and Tyree, Stephen and Clemons, Jason and Kautz, Jan},
  journal={CoRR abs/1611.06256},
  year={2016}
}

@inproceedings{2016_Mnih,
  title={Asynchronous methods for deep reinforcement learning},
  author={Mnih, Volodymyr and Badia, Adria Puigdomenech and Mirza, Mehdi and Graves, Alex and Lillicrap, Timothy and Harley, Tim and Silver, David and Kavukcuoglu, Koray},
  booktitle={International conference on machine learning},
  pages={1928--1937},
  year={2016}
}

@article{2016_Jaderberg,
  title={Reinforcement learning with unsupervised auxiliary tasks},
  author={Jaderberg, Max and Mnih, Volodymyr and Czarnecki, Wojciech Marian and Schaul, Tom and Leibo, Joel Z and Silver, David and Kavukcuoglu, Koray},
  journal={arXiv preprint arXiv:1611.05397},
  year={2016}
}

@article{2016_Babaeizadeh,
  title={Reinforcement learning through asynchronous advantage actor-critic on a gpu},
  author={Babaeizadeh, Mohammad and Frosio, Iuri and Tyree, Stephen and Clemons, Jason and Kautz, Jan},
  journal={arXiv preprint arXiv:1611.06256},
  year={2016}
}

@article{2016_Silver,
  title={Mastering the game of Go with deep neural networks and tree search},
  author={Silver, David and Huang, Aja and Maddison, Chris J and Guez, Arthur and Sifre, Laurent and Van Den Driessche, George and Schrittwieser, Julian and Antonoglou, Ioannis and Panneershelvam, Veda and Lanctot, Marc and others},
  journal={nature},
  volume={529},
  number={7587},
  pages={484},
  year={2016},
  publisher={Nature Publishing Group}
}

@article{2016_Bello,
  title={Neural combinatorial optimization with reinforcement learning},
  author={Bello, Irwan and Pham, Hieu and Le, Quoc V and Norouzi, Mohammad and Bengio, Samy},
  journal={arXiv preprint arXiv:1611.09940},
  year={2016}
}

@article{2017_Silver,
  title={Mastering the game of Go without human knowledge},
  author={Silver, David and Schrittwieser, Julian and Simonyan, Karen and Antonoglou, Ioannis and Huang, Aja and Guez, Arthur and Hubert, Thomas and Baker, Lucas and Lai, Matthew and Bolton, Adrian and others},
  journal={Nature},
  volume={550},
  number={7676},
  pages={354},
  year={2017},
  publisher={Nature Publishing Group}
}

@article{2017_Schulman,
  title={Proximal policy optimization algorithms},
  author={Schulman, John and Wolski, Filip and Dhariwal, Prafulla and Radford, Alec and Klimov, Oleg},
  journal={arXiv preprint arXiv:1707.06347},
  year={2017}
}

@article{2017_Hessel,
  title={Rainbow: Combining improvements in deep reinforcement learning},
  author={Hessel, Matteo and Modayil, Joseph and Van Hasselt, Hado and Schaul, Tom and Ostrovski, Georg and Dabney, Will and Horgan, Dan and Piot, Bilal and Azar, Mohammad and Silver, David},
  journal={arXiv preprint arXiv:1710.02298},
  year={2017}
}

@inproceedings{2018_Deudon,
  title={Learning Heuristics for the TSP by Policy Gradient},
  author={Deudon, Michel and Cournut, Pierre and Lacoste, Alexandre and Adulyasak, Yossiri and Rousseau, Louis-Martin},
  booktitle={International Conference on the Integration of Constraint Programming, Artificial Intelligence, and Operations Research},
  pages={170--181},
  year={2018},
  organization={Springer}
}

@article{2018_Nazari,
  title={Deep Reinforcement Learning for Solving the Vehicle Routing Problem},
  author={Nazari, Mohammadreza and Oroojlooy, Afshin and Snyder, Lawrence V and Tak{\'a}{\v{c}}, Martin},
  journal={arXiv preprint arXiv:1802.04240},
  year={2018}
}